<record><leader>00000cas a2200000 a 4500</leader><controlfield tag="001">52996478</controlfield><controlfield tag="008">030909d196919uuilumr ne      0   a0eng c</controlfield><datafield ind1=" " ind2=" " tag="010"><subfield code="a">sn2003060862</subfield></datafield><datafield ind1=" " ind2=" " tag="040"><subfield code="a">CVF</subfield><subfield code="b">eng</subfield><subfield code="c">CVF</subfield><subfield code="d">OCLCQ</subfield><subfield code="d">CVF</subfield><subfield code="d">OCLCQ</subfield><subfield code="d">OCLCF</subfield><subfield code="d">OCLCO</subfield><subfield code="d">NVF</subfield></datafield><datafield ind1=" " ind2=" " tag="042"><subfield code="a">pcc</subfield></datafield><datafield ind1=" " ind2=" " tag="043"><subfield code="a">n-us-il</subfield></datafield><datafield ind1="0" ind2=" " tag="130"><subfield code="a">Star reporter (Crystal Lake, Ill.)</subfield></datafield><datafield ind1="1" ind2="4" tag="245"><subfield code="a">The star reporter.</subfield></datafield><datafield ind1="1" ind2=" " tag="246"><subfield code="i">Issues called:</subfield><subfield code="a">Crystal Lake star reporter</subfield><subfield code="f">Nov. 5-Dec. 31, 1969</subfield></datafield><datafield ind1="1" ind2=" " tag="246"><subfield code="i">Issues called:</subfield><subfield code="a">New star reporter</subfield><subfield code="f">Aug. 10-Sept. 30, 1974</subfield></datafield><datafield ind1=" " ind2=" " tag="260"><subfield code="a">Crystal Lake, Ill. :</subfield><subfield code="b">Cal Skinner, Sr.,</subfield><subfield code="c">1969-[19--?]</subfield></datafield><datafield ind1=" " ind2=" " tag="300"><subfield code="a">volumes</subfield></datafield><datafield ind1=" " ind2=" " tag="310"><subfield code="a">Monthly,</subfield><subfield code="b">&lt;Sept. 22, 1975&gt;-&lt;&gt;</subfield></datafield><datafield ind1=" " ind2=" " tag="321"><subfield code="a">Weekly,</subfield><subfield code="b">Feb. 26, 1969-Feb. 24, 1971</subfield></datafield><datafield ind1=" " ind2=" " tag="321"><subfield code="a">Semimonthly,</subfield><subfield code="b">Mar. 15, 1971-June 28, 1975</subfield></datafield><datafield ind1="0" ind2=" " tag="362"><subfield code="a">Vol. 1, no. 1 (Feb. 26, 1969)-</subfield></datafield><datafield ind1=" " ind2=" " tag="588"><subfield code="a">Latest issue consulted: Vol. 22, no. 9, issue 320 (Sept. 1981).</subfield></datafield><datafield ind1=" " ind2="0" tag="651"><subfield code="a">Crystal Lake (Ill.)</subfield><subfield code="v">Newspapers.</subfield></datafield><datafield ind1=" " ind2="7" tag="651"><subfield code="a">Illinois</subfield><subfield code="z">Crystal Lake.</subfield><subfield code="2">fast</subfield><subfield code="0">(OCoLC)fst01213447</subfield></datafield><datafield ind1=" " ind2="7" tag="655"><subfield code="a">Newspapers.</subfield><subfield code="2">fast</subfield><subfield code="0">(OCoLC)fst01423814</subfield></datafield><datafield ind1=" " ind2=" " tag="752"><subfield code="a">United States</subfield><subfield code="b">Illinois</subfield><subfield code="c">McHenry County</subfield><subfield code="d">Crystal Lake.</subfield></datafield><datafield ind1="1" ind2=" " tag="029"><subfield code="a">AU@</subfield><subfield code="b">000024939756</subfield></datafield></record>